% This file was created with Citavi 6.10.0.0

@online{AtulKumar.2021,
 author = {{Atul Kumar}},
 year = {2021},
 title = {Coroutine in Python},
 url = {https://www.geeksforgeeks.org/coroutine-in-python/},
 urldate = {2021-09-23},
 abstract = {}
}


@article{Conway.1963,
 author = {Conway, Melvin E.},
 year = {1963},
 title = {Design of a separable transition-diagram compiler},
 pages = {396--408},
 pagination = {page},
 volume = {6},
 issn = {0001-0782},
 journaltitle = {Communications of the ACM},
 shortjournal = {Commun. ACM},
 doi = {10.1145/366663.366704},
 number = {7},
 abstract = {}
}


@book{Ernesti.2018,
 author = {Ernesti, Johannes and Kaiser, Peter},
 year = {2018},
 title = {Python 3},
 url = {https://openbook.rheinwerk-verlag.de/python/},
 urldate = {2021-09-24},
 edition = {5., aktualisierte Auflage 2017, 1., korrigierter Nachdruck},
 publisher = {{Rheinwerk Verlag}},
 isbn = {9783836258647},
 subtitle = {Das umfassende Handbuch},
 language = {ger},
 location = {Bonn},
 series = {Rheinwerk Computing},
 abstract = {},
 pagetotal = {1040},
 note = {Ernesti, Johannes (VerfasserIn)

Kaiser, Peter (VerfasserIn)}
}


@online{MikeMuller.032015,
 author = {{Mike M{\"u}ller}},
 editor = {Linux-Magazin},
 year = {03/2015},
 title = {{Asynchron Programmieren mit Python}},
 url = {https://www.linux-magazin.de/ausgaben/2015/03/python-asynchron/},
 urldate = {2021-09-24},
 abstract = {}
}


@unpublished{Prof.Dr.Ing.JurgenKrumm.2021,
 author = {{Prof. Dr.-Ing. J{\"u}rgen Krumm}},
 title = {{Echtzeitsysteme - Teil 2: Scheduling-Mechanismen}},
 abstract = {},
 date = {2021},
 urldate = {2021-09-24},
 location = {N{\"u}rnberg}
}


@unpublished{Prof.Dr.Ing.JurgenKrumm.2021b,
 author = {{Prof. Dr.-Ing. J{\"u}rgen Krumm}},
 title = {{Skriptsprache Python - Teil 1: Arbeiten mit Python 3}},
 abstract = {},
 date = {2021},
 urldate = {2021-09-24},
 location = {N{\"u}rnberg}
}


@online{PythonSoftwareFoundation.,
 editor = {{Python Software Foundation}},
 title = {threading --- Thread-based parallelism},
 url = {https://docs.python.org/3/library/threading.html},
 urldate = {2021-09-24},
 abstract = {},
 organization = {{Python Software Foundation}}
}


@online{PythonSoftwareFoundation.b,
 editor = {{Python Software Foundation}},
 title = {asyncio --- Asynchronous I/O},
 url = {https://docs.python.org/3/library/asyncio.html},
 urldate = {2021-09-21},
 abstract = {},
 organization = {{Python Software Foundation}}
}


@online{PythonSoftwareFoundation.c,
 title = {time --- Time access and conversions},
 url = {https://docs.python.org/3/library/time.html},
 urldate = {2021-09-26},
 abstract = {},
 organization = {{Python Software Foundation}}
}


@online{PythonSoftwareFoundation.d,
 editor = {{Python Software Foundation}},
 title = {PEP 342 -- Coroutines via Enhanced Generators},
 url = {https://www.python.org/dev/peps/pep-0342/},
 urldate = {2021-09-24},
 abstract = {},
 organization = {{Python Software Foundation}}
}


@online{PythonSoftwareFoundation.e,
 editor = {{Python Software Foundation}},
 title = {Queues},
 url = {https://docs.python.org/3/library/asyncio-queue.html},
 urldate = {2021-09-26},
 abstract = {},
 organization = {{Python Software Foundation}}
}


@book{Silberschatz.2003,
 author = {Silberschatz, Abraham and Galvin, Peter B. and Gagne, Greg},
 year = {2003},
 title = {Operating system concepts},
 urldate = {2021-09-24},
 edition = {6. ed.},
 publisher = {Wiley},
 isbn = {0471262722},
 language = {eng},
 location = {New York, NY},
 abstract = {},
 pagetotal = {951}
}


