@Book{MakeSynth,
  author = {Ray Wilson},
  title  = {Make: Analog Synthesizers},
  year   = {2013},
}

@Online{cliff,
  author  = {Reichelt},
  title   = {{Datenblatt Einbau-Klinkenbuchse CLIFF FC681374V}},
  url     = {https://cdn-reichelt.de/documents/datenblatt/C160/CLIFFFC681374V.pdf},
  urldate = {2022-12-21},
}

@Online{vco_manual,
  author  = {Moritz Klein, Erica Synths},
  title   = {{VCO MANUAL v2}},
  url     = {https://www.ericasynths.lv/media/VCO_MANUAL_v2.pdf},
  urldate = {2022-12-21},
}

@Online{lfo_manual,
  author  = {David Haillant},
  title   = {{LFO MANUAL}},
  url     = {https://www.davidhaillant.com/category/electronic-projects/simple-lfo/},
  urldate = {2022-12-21},
}

@Online{seq_manual,
  author  = {Moritz Klein, Erica Synths},
  title   = {{SEQ MANUAL v1}},
  url     = {https://www.ericasynths.lv/shop/diy-kits-1/edu-diy-sequencer/},
  urldate = {2022-12-21},
}

@Online{bantam,
  author  = {Bantam Tools},
  title   = {{Bantam Tools Webseite}},
  url     = {https://www.bantamtools.com/},
  urldate = {2022-12-21},
}

@Online{prusa,
  author  = {Prusa},
  title   = {{Prusa Printers Webseite}},
  url     = {https://www.prusa3d.com/de/},
  urldate = {2022-12-21},
}





@Comment{jabref-meta: databaseType:bibtex;}
